


@ONLINE{1,
    author    			= {Worldline GmbH},
    howpublished       = {\url{https://worldline.com/}},
    note 	 		    = {Accessed on 10-05-2018}
}

 